% Encoding: UTF-8
{bingham06jason,
  Title                    = {Integrating precision relative positioning into {JASON}/{MEDEA} {ROV} operations},
  Author                   = {Brian Bingham and David Mindell and Thomas Wilcox and Andrew Bowen},
  Journal                  = {Marine Technology Society (MTS) Journal},
  Year                     = {2006},
  Keywords 				   = {article},
  Month                    = {Spring},
  Number                   = {1},
  Pages                    = {87-96},
  Volume                   = {40},

  Owner                    = {bbingham},
  Timestamp                = {2008.03.31}


@article{me2018paper_four,
	Author = {Coauthor, First M. and Last, First M.},
	Keywords = {submitted},
	Title = {Paper four},
	Url = {https://github.com/btskinner/tex_cv/blob/master/papers/last_paper_four.pdf},
	Year = {2018}}

@article{me2017paper_two,
	Author = {Last, First M.},
	Journal = {Under revise and resubmit},
	Keywords = {submitted},
	Title = {Paper two},
	Url = {https://github.com/btskinner/tex_cv/blob/master/papers/last_paper_two.pdf},
	Year = {2017}}

@article{me2018paper_three,
	Author = {Last, First M.},
	Keywords = {working},
	Title = {Paper three},
	Url = {https://github.com/btskinner/tex_cv/blob/master/papers/last_paper_three.pdf},
	Year = {2018}}

@inproceedings{me2014paper_one_conf,
	Author = {Last, First M.},
	Keywords = {conference, peer},
	Month = {March},
	Publisher = {Paper presented at the Association for Education Studies Annual Conference, Washington, D.C.},
	Title = {Paper one},
	Year = {2014}}

@inproceedings{me2014paper_one_inv,
	Author = {Last, First M.},
	Keywords = {conference, invited},
	Month = {March},
	Publisher = {College University, City, ST},
	Title = {Paper one},
	Year = {2014}}

@inproceedings{me2016paper_two_conf,
	Author = {Last, First M.},
	Keywords = {conference, peer},
	Month = {April},
	Publisher = {Paper presented at the Association for Education Studies Annual Conference, New York, NY},
	Title = {Paper two},
	Year = {2016}}

@Article{bingham06jason,
  author    = {Brian Bingham and David Mindell and Thomas Wilcox and Andrew Bowen},
  title     = {Integrating precision relative positioning into {JASON}/{MEDEA} {ROV} operations},
  journal   = {Marine Technology Society (MTS) Journal},
  year      = {2006},
  volume    = {40},
  number    = {1},
  pages     = {87-96},
  month     = {Spring},
  keywords  = {article},
  owner     = {bbingham},
  timestamp = {2008.03.31},
}

@Article{Bingham:2024:0028-1425:219,
  author   = {Bingham, Brian and Aguero, Carlos and McCarrin, Michael and Klamo, Joseph and Choi, Woen-Sug},
  title    = {Mobile Robot Simulation for Unmanned Surface Vehicles in Ocean Environments},
  journal  = {Naval Engineers Journal},
  year     = {2024},
  volume   = {136},
  number   = {3},
  pages    = {219-235},
  keywords = {article},
}

@Article{choi21physics,
  author   = {Choi, Woen-Sug and Olson, Derek R. and Davis, Duane and Zhang, Mabel and Racson, Andy and Bingham, Brian and McCarrin, Michael and Vogt, Carson and Herman, Jessica},
  title    = {Physics-Based Modelling and Simulation of Multibeam Echosounder Perception for Autonomous Underwater Manipulation},
  journal  = {Frontiers in Robotics and AI},
  year     = {2021},
  volume   = {8},
  issn     = {2296-9144},
  doi      = {10.3389/frobt.2021.706646},
  keywords = {article},
  url      = {https://www.frontiersin.org/articles/10.3389/frobt.2021.706646},
}

@InProceedings{zhang22dave,
  author    = {Zhang, Mabel M. and Choi, Woen-Sug and Herman, Jessica and Davis, Duane and Vogt, Carson and McCarrin, Michael and Vijay, Yadunund and Dutia, Dharini and Lew, William and Peters, Steven and Bingham, Brian},
  title     = {{DAVE} Aquatic Virtual Environment: Toward a General Underwater Robotics Simulator},
  booktitle = {2022 IEEE/OES Autonomous Underwater Vehicles Symposium ({AUV})},
  year      = {2022},
  pages     = {1-8},
  doi       = {10.1109/AUV53081.2022.9965808},
  keywords  = {conference, invited},
}

@Article{choi22fasterrohtua,
  author    = {WoenSug Choi and Brian Bingham and Richard Camilli},
  title     = {{Faster-than-real-time Hybrid Autonomous Underwater Glider Simulation for Ocean Mapping}},
  journal   = {{Journal of the Korean Society of Marine Environment and Safety}},
  year      = {2022},
  volume    = {{28}},
  pages     = {441-450},
  booltitle = {{Vol.28 No.3}},
  issue     = {{3}},
  keywords  = {article},
  publisher = {The Korean Society Of Marine Environment \& Safety},
  url       = {http://www.kosomes.or.kr/journalarticle.php?code=83649},
}

@Comment{jabref-meta: databaseType:bibtex;}
